[gd_scene load_steps=3 format=3 uid="uid://bkscep6305q2n"]

[ext_resource type="Script" path="res://instrument.gd" id="1_elrgl"]
[ext_resource type="Script" path="res://main.gd" id="1_v01h3"]

[node name="Main" type="Control"]
layout_mode = 3
anchors_preset = 15
anchor_right = 1.0
anchor_bottom = 1.0
grow_horizontal = 2
grow_vertical = 2
script = ExtResource("1_v01h3")

[node name="CanvasLayer" type="CanvasLayer" parent="."]

[node name="MarginContainer" type="MarginContainer" parent="CanvasLayer"]
offset_right = 40.0
offset_bottom = 40.0
theme_override_constants/margin_left = 8
theme_override_constants/margin_top = 8
theme_override_constants/margin_right = 8
theme_override_constants/margin_bottom = 8

[node name="VBoxContainer" type="VBoxContainer" parent="CanvasLayer/MarginContainer"]
layout_mode = 2

[node name="InstrumentContainer" type="VBoxContainer" parent="CanvasLayer/MarginContainer/VBoxContainer"]
layout_mode = 2

[node name="Drum" type="HBoxContainer" parent="CanvasLayer/MarginContainer/VBoxContainer/InstrumentContainer"]
custom_minimum_size = Vector2(0, 30)
layout_mode = 2
script = ExtResource("1_elrgl")

[node name="Label" type="Label" parent="CanvasLayer/MarginContainer/VBoxContainer/InstrumentContainer/Drum"]
layout_mode = 2
text = "Drum   "

[node name="GuitarA" type="HBoxContainer" parent="CanvasLayer/MarginContainer/VBoxContainer/InstrumentContainer"]
custom_minimum_size = Vector2(0, 30)
layout_mode = 2

[node name="Label" type="Label" parent="CanvasLayer/MarginContainer/VBoxContainer/InstrumentContainer/GuitarA"]
layout_mode = 2
text = "GuitarA"

[node name="Button00" type="Button" parent="CanvasLayer/MarginContainer/VBoxContainer/InstrumentContainer/GuitarA"]
custom_minimum_size = Vector2(30, 0)
layout_mode = 2

[node name="Button01" type="Button" parent="CanvasLayer/MarginContainer/VBoxContainer/InstrumentContainer/GuitarA"]
custom_minimum_size = Vector2(30, 0)
layout_mode = 2

[node name="Button02" type="Button" parent="CanvasLayer/MarginContainer/VBoxContainer/InstrumentContainer/GuitarA"]
custom_minimum_size = Vector2(30, 0)
layout_mode = 2

[node name="GuitarB" type="HBoxContainer" parent="CanvasLayer/MarginContainer/VBoxContainer/InstrumentContainer"]
custom_minimum_size = Vector2(0, 30)
layout_mode = 2

[node name="Label" type="Label" parent="CanvasLayer/MarginContainer/VBoxContainer/InstrumentContainer/GuitarB"]
layout_mode = 2
text = "GuitarB"

[node name="Button00" type="Button" parent="CanvasLayer/MarginContainer/VBoxContainer/InstrumentContainer/GuitarB"]
custom_minimum_size = Vector2(30, 0)
layout_mode = 2

[node name="Button01" type="Button" parent="CanvasLayer/MarginContainer/VBoxContainer/InstrumentContainer/GuitarB"]
custom_minimum_size = Vector2(30, 0)
layout_mode = 2

[node name="Button02" type="Button" parent="CanvasLayer/MarginContainer/VBoxContainer/InstrumentContainer/GuitarB"]
custom_minimum_size = Vector2(30, 0)
layout_mode = 2

[node name="ButtonRow" type="VBoxContainer" parent="CanvasLayer/MarginContainer/VBoxContainer"]
layout_mode = 2

[node name="PlayButton" type="Button" parent="CanvasLayer/MarginContainer/VBoxContainer/ButtonRow"]
custom_minimum_size = Vector2(30, 30)
layout_mode = 2
text = "Play"
